<?xml version="1.0" encoding="UTF-8"?><collection xmlns="http://www.loc.gov/MARC21/slim"><record><leader>00389nam--2200145-i-4500</leader><controlfield tag="001">000014573</controlfield><controlfield tag="002">20161230</controlfield><controlfield tag="005">20161230201030</controlfield><controlfield tag="008">060222s1000------------r-----000-0-eng-d</controlfield><datafield ind1=" " ind2=" " tag="080"><subfield code="a">577.34(083):539.12.047(082)</subfield></datafield><datafield ind1=" " ind2=" " tag="245"><subfield code="a">Advances in radiation biology</subfield></datafield><datafield ind1=" " ind2=" " tag="260"><subfield code="a">New York, Academic Press, 1983</subfield></datafield><datafield ind1=" " ind2=" " tag="490"><subfield code="a">Advances In Radiation Biology</subfield></datafield><datafield ind1=" " ind2=" " tag="700"><subfield code="a">Lett, T. John/S.A.</subfield></datafield><datafield ind1=" " ind2=" " tag="852"><subfield code="a">23800</subfield></datafield></record></collection>